@book{bps93,
author = {Kenneth D. Forbus and Johan De Kleer},
title = {Building Problem Solvers},
year = {1993},
isbn = {0262560720},
publisher = {MIT Press},
address = {Cambridge, MA, USA},
}